@article{krupskii2013factor,
  title={Factor copula models for multivariate data},
  author={Krupskii, Pavel and Joe, Harry},
  journal={Journal of Multivariate Analysis},
  volume={120},
  pages={85--101},
  year={2013},
  publisher={Elsevier}
}

@article{patton2012review,
  title={A review of copula models for economic time series},
  author={Patton, Andrew J},
  journal={Journal of Multivariate Analysis},
  volume={110},
  pages={4--18},
  year={2012},
  publisher={Elsevier}
}

@article{RiveraVargas2022,
  author       = {Rivera-Vargas, Darío and Heredia-Zavoni, Ernesto},
  title        = {Análisis probabilístico multivariado de peligro sísmico usando cópulas},
  journal      = {Ingeniería sísmica},
  number       = {107},
  pages        = {22--46},
  year         = {2022},
  doi          = {10.18867/ris.107.588},
  url          = {https://doi.org/10.18867/ris.107.588},
  note         = {Epub 29 de agosto de 2022}
}

@article{Chand2024,
  author       = {Chand, Ravinesh and Nguyen-Huy, Thong and Deo, Ravinesh C. and Ghimire, Sujan and Ali, Mumtaz and Ghahramani, Afshin},
  title        = {Copula-Probabilistic Flood Risk Analysis with an Hourly Flood Monitoring Index},
  journal      = {Water},
  volume       = {16},
  number       = {11},
  pages        = {1560},
  year         = {2024},
  doi          = {10.3390/w16111560},
  url          = {https://doi.org/10.3390/w16111560},
  publisher    = {MDPI},
  note         = {Published: 29 May 2024}
}

%Valores extremos

@techreport{DelfinerGutierrez2025,
  author       = {Delfiner, Miguel T. and Gutiérrez Girault, Matías A.},
  title        = {Aplicación de la teoría de valores extremos al gerenciamiento del riesgo},
  institution  = {UCEMA},
  year         = {2025},
  type         = {Working Paper / Documento},
  note         = {Descargado de: UCEMA, 23 de agosto de 2025},
  url          = {https://ucema.edu.ar/publicaciones/download/documentos/217.pdf}
}

@misc{PerezGarcia2004,
  author       = {Pérez Fructuoso, María José and García Pérez, Almudena},
  title        = {Aplicación de la teoría del valor extremo al ajuste y modelación de catástrofes},
  year         = {2004},
  url          = {https://documentacion.fundacionmapfre.org/documentacion/en/media/group/1026232.do},
  note         = {Accedido el 21 de agosto de 2025}
}

@misc{Siddiqui2022,
  author    = {Owais Siddiqui},
  title     = {Extreme Value Theory},
  year      = {2022},
  url       = {https://www.learnsignal.com/blog/extreme-value-theory/},
  note      = {Accedido el 21 de agosto de 2025}
}

% Marco Teórico
@article{Paniagua1995,
  author  = {Paniagua, S.},
  title   = {Los desastres naturales y sus implicaciones en América Central},
  journal = {Revista Geológica de América Central},
  number  = {18},
  year    = {1995}
}

@misc{CentenoMorales2017,
  author       = {Centeno Morales, Jacqueline},
  title        = {¿Nos encontramos preparados (as)? Desastres naturales y desplazamiento ambiental en Costa Rica},
  howpublished = {Presentación institucional, Instituto de Estudios Sociales en Población (IDESPO), Universidad Nacional de Costa Rica},
  year         = {2017},
  month        = {May},
  note         = {Subido en el repositorio académico de la Universidad Nacional (UNA)},
  url          = {https://repositorio.una.ac.cr/items/e1ae7cf7-1c47-4c7a-84ea-130bc58dc941}
}

@article{PerezMallaina2005,
  author  = {Pérez-Mallaína, Pablo Emilio},
  title   = {Las catástrofes naturales como instrumento de observación social: el caso del terremoto de Lima en 1746},
  journal = {Anuario de Estudios Americanos},
  volume  = {62},
  number  = {2},
  pages   = {47--76},
  year    = {2005}
}

@article{OrozcoMontoya2022,
  author  = {Orozco-Montoya, R. A. and Brenes-Maykall, A. and Sura-Fonseca, R.},
  title   = {Inventario Histórico de Desastres en Costa Rica en el Periodo 1970-2020},
  journal = {Revista de Estudios Latinoamericanos sobre Reducción del Riesgo de Desastres REDER},
  volume  = {6},
  number  = {1},
  pages   = {66--82},
  year    = {2022}
}
@report{undrr2015,
  author       = {{United Nations Office for Disaster Risk Reduction}},
  title        = {Marco de Sendai para la Reducción del Riesgo de Desastres 2015--2030},
  year         = {2015},
  institution  = {Naciones Unidas},
  address      = {Ginebra, Suiza},
  url          = {https://www.undrr.org/publication/sendai-framework-disaster-risk-reduction-2015-2030}
}

@report{cne2022,
  author       = {{Comisión Nacional de Prevención de Riesgos y Atención de Emergencias}},
  title        = {Plan Nacional de Gestión del Riesgo 2021--2025},
  year         = {2022},
  institution  = {CNE},
  address      = {San José, Costa Rica},
  url          = {https://www.cne.go.cr}
}

@report{bancamundial2021,
  author       = {{Banco Mundial}},
  title        = {Evaluación de riesgos y resiliencia en América Latina y el Caribe},
  year         = {2021},
  institution  = {Banco Mundial},
  address      = {Washington, DC},
  url          = {https://documents.worldbank.org}
}

@report{cepal2014,
  author       = {{Comisión Económica para América Latina y el Caribe}},
  title        = {Impacto de los desastres naturales en América Latina y el Caribe, 1990--2012},
  year         = {2014},
  institution  = {CEPAL},
  address      = {Santiago de Chile},
  url          = {https://www.cepal.org}
}

@article{cordero2019,
  author       = {Cordero, Rafael R. and Quesada-Román, Alonso},
  title        = {Natural hazards and climate change in Costa Rica: A review},
  journal      = {Natural Hazards},
  year         = {2019},
  volume       = {99},
  number       = {1},
  pages        = {1--25},
  doi          = {10.1007/s11069-019-03728-0}
}

@misc{desinventar2023,
  author       = {{DesInventar}},
  title        = {Sistema de Inventario de Desastres},
  year         = {2023},
  note         = {Base de datos en línea},
  url          = {https://www.desinventar.net}
}

@report{pnud2014,
  author       = {{Programa de las Naciones Unidas para el Desarrollo}},
  title        = {Gestión del riesgo de desastres: Enfoque para el desarrollo sostenible},
  year         = {2014},
  institution  = {PNUD},
  address      = {Nueva York},
  url          = {https://www.undp.org}
}

@article{quesada2020,
  author       = {Quesada-Román, Alonso and Barrantes-Castillo, Guiselle},
  title        = {Disaster risk reduction in Costa Rica: A review of progress and challenges},
  journal      = {International Journal of Disaster Risk Reduction},
  year         = {2020},
  volume       = {50},
  pages        = {101707},
  doi          = {10.1016/j.ijdrr.2020.101707}
}
